<?xml version="1.0" encoding="UTF-8"?><collection xmlns="http://www.loc.gov/MARC21/slim"><record><leader>00397nam--2200133-i-4500</leader><controlfield tag="001">000038015</controlfield><controlfield tag="002">20161230</controlfield><controlfield tag="005">20161230201041</controlfield><controlfield tag="008">060222s1000------------r-----000-0-eng-d</controlfield><datafield ind1=" " ind2=" " tag="080"><subfield code="a">621.375.82</subfield></datafield><datafield ind1=" " ind2=" " tag="100"><subfield code="a">Ravaut, Michel</subfield></datafield><datafield ind1=" " ind2=" " tag="245"><subfield code="a">Asservissement d`oscillateurs radio-electriques sur un maser a ammoniac. theses</subfield></datafield><datafield ind1=" " ind2=" " tag="260"><subfield code="a">Besancon, La Faculte Des Sciences De L`Univ., 1963, 61p</subfield></datafield><datafield ind1=" " ind2=" " tag="852"><subfield code="a">22763</subfield></datafield></record></collection>